% csauthors.net - beta - BibTeX bibliography of Xiang 'Anthony' Chen

@inproceedings{conf/avi/ChenBCTG12,
	title = {Spalendar: visualizing a group's calendar events over a geographic space on a public display.},
	year = {2012},
	booktitle = {AVI},
	author = {{Xiang 'Anthony' Chen} and {Sebastian Boring} and {Sheelagh Carpendale} and {Anthony Tang 001} and {Saul Greenberg}},
	publisher = {ACM},
	booktitle = {International Working Conference on Advanced Visual Interfaces, AVI 2012, Capri Island, Naples, Italy, May 22-25, 2012, Proceedings}
}

@inproceedings{conf/mhci/BoringLCMTG12,
	title = {The fat thumb: using the thumb's contact size for single-handed mobile interaction.},
	year = {2012},
	booktitle = {Mobile HCI (Companion)},
	author = {{Sebastian Boring} and {David Ledo} and {Xiang 'Anthony' Chen} and {Nicolai Marquardt} and {Anthony Tang 001} and {Saul Greenberg}},
	publisher = {ACM},
	booktitle = {Mobile HCI '12, Companion Proceedings of the 14th international conference on Human-computer interaction with mobile devices and services, San Francsico, CA, USA, September 21-24, 2012}
}

@inproceedings{conf/mhci/ChenMTBG12,
	title = {Extending a mobile device's interaction space through body-centric interaction.},
	year = {2012},
	booktitle = {Mobile HCI},
	author = {{Xiang 'Anthony' Chen} and {Nicolai Marquardt} and {Anthony Tang 001} and {Sebastian Boring} and {Saul Greenberg}},
	publisher = {ACM},
	booktitle = {Mobile HCI '12, Proceedings of the 14th international conference on Human-computer interaction with mobile devices and services, San Francsico, CA, USA, September 21-24, 2012}
}

@inproceedings{conf/tei/Chen12,
	title = {Body-centric interaction with mobile devices.},
	year = {2012},
	booktitle = {TEI},
	author = {{Xiang 'Anthony' Chen}},
	publisher = {ACM},
	booktitle = {Proceedings of the 6th International Conference on Tangible and Embedded Interaction 2012, Kingston, Ontario, Canada, February 19-22, 2012}
}

@inproceedings{conf/graphicsinterface/HinckleyCB13,
	title = {Motion and context sensing techniques for pen computing.},
	year = {2013},
	booktitle = {Graphics Interface},
	author = {{Ken Hinckley} and {Xiang 'Anthony' Chen} and {Hrvoje Benko}},
	publisher = {Canadian Information Processing Society / ACM},
	booktitle = {Graphics Interface 2013, GI '13, Regina, SK, Canada, May 29-31, 2013, Proceedings}
}

@inproceedings{conf/chi/ChenGWF14,
	title = {Duet: exploring joint interactions on a smart phone and a smart watch.},
	year = {2014},
	booktitle = {CHI},
	author = {{Xiang 'Anthony' Chen} and {Tovi Grossman} and {Daniel J. Wigdor} and {George W. Fitzmaurice}},
	publisher = {ACM},
	booktitle = {CHI Conference on Human Factors in Computing Systems, CHI'14, Toronto, ON, Canada - April 26 - May 01, 2014}
}

@inproceedings{conf/mhci/ChenSHMH14,
	title = {Around-body interaction: sensing & interaction techniques for proprioception-enhanced input with mobile devices.},
	year = {2014},
	booktitle = {Mobile HCI},
	author = {{Xiang 'Anthony' Chen} and {Julia Schwarz} and {Chris Harrison 001} and {Jennifer Mankoff} and {Scott E. Hudson}},
	publisher = {ACM},
	booktitle = {Proceedings of the 16th international conference on Human-computer interaction with mobile devices & services, MobileHCI 2014, Toronto, ON, Canada, September 23-26, 2014}
}

@inproceedings{conf/uist/ChenGF14,
	title = {Swipeboard: a text entry technique for ultra-small interfaces that supports novice to expert transitions.},
	year = {2014},
	booktitle = {UIST},
	author = {{Xiang 'Anthony' Chen} and {Tovi Grossman} and {George W. Fitzmaurice}},
	publisher = {ACM},
	booktitle = {The 27th Annual ACM Symposium on User Interface Software and Technology, UIST '14, Honolulu, HI, USA, October 5-8, 2014}
}

@inproceedings{conf/uist/ChenSHMH14,
	title = {Air+touch: interweaving touch & in-air gestures.},
	year = {2014},
	booktitle = {UIST},
	author = {{Xiang 'Anthony' Chen} and {Julia Schwarz} and {Chris Harrison 001} and {Jennifer Mankoff} and {Scott E. Hudson}},
	publisher = {ACM},
	booktitle = {The 27th Annual ACM Symposium on User Interface Software and Technology, UIST '14, Honolulu, HI, USA, October 5-8, 2014}
}

@inproceedings{conf/uist/HinckleyPBIGGCMBW14,
	title = {Sensing techniques for tablet+stylus interaction.},
	year = {2014},
	booktitle = {UIST},
	author = {{Ken Hinckley} and {Michel Pahud} and {Hrvoje Benko} and {Pourang Irani} and {François Guimbretière} and {Marcel Gavriliu} and {Xiang 'Anthony' Chen} and {Fabrice Matulic} and {William Buxton} and {Andrew Wilson}},
	publisher = {ACM},
	booktitle = {The 27th Annual ACM Symposium on User Interface Software and Technology, UIST '14, Honolulu, HI, USA, October 5-8, 2014}
}

@inproceedings{conf/uist/LaputXCHH14,
	title = {Skin buttons: cheap, small, low-powered and clickable fixed-icon laser projectors.},
	year = {2014},
	booktitle = {UIST},
	author = {{Gierad Laput} and {Robert Xiao} and {Xiang 'Anthony' Chen} and {Scott E. Hudson} and {Chris Harrison 001}},
	publisher = {ACM},
	booktitle = {The 27th Annual ACM Symposium on User Interface Software and Technology, UIST '14, Honolulu, HI, USA, October 5-8, 2014}
}

@inproceedings{conf/chi/GuoCB15,
	title = {ApplianceReader: A Wearable, Crowdsourced, Vision-based System to Make Appliances Accessible.},
	year = {2015},
	booktitle = {CHI Extended Abstracts},
	author = {{Anhong Guo} and {Xiang 'Anthony' Chen} and {Jeffrey P. Bigham}},
	publisher = {ACM},
	booktitle = {Proceedings of the 33rd Annual ACM Conference Extended Abstracts on Human Factors in Computing Systems, Seoul, CHI 2015 Extended Abstracts, Republic of Korea, April 18 - 23, 2015}
}

@inproceedings{conf/mhci/GrossmanCF15,
	title = {Typing on Glasses: Adapting Text Entry to Smart Eyewear.},
	year = {2015},
	booktitle = {MobileHCI},
	author = {{Tovi Grossman} and {Xiang 'Anthony' Chen} and {George W. Fitzmaurice}},
	publisher = {ACM},
	booktitle = {Proceedings of the 17th International Conference on Human-Computer Interaction with Mobile Devices and Services, MobileHCI 2015, Copenhagen, Denmark, August 24-27, 2015}
}

@inproceedings{conf/uist/ChenCMH15,
	title = {Encore: 3D Printed Augmentation of Everyday Objects with Printed-Over, Affixed and Interlocked Attachments.},
	year = {2015},
	booktitle = {UIST},
	author = {{Xiang 'Anthony' Chen} and {Stelian Coros} and {Jennifer Mankoff} and {Scott E. Hudson}},
	publisher = {ACM},
	booktitle = {Proceedings of the 28th Annual ACM Symposium on User Interface Software & Technology, UIST 2015, Charlotte, NC, USA, November 8-11, 2015}
}

@inproceedings{conf/uist/LaputCH15,
	title = {3D Printed Hair: Fused Deposition Modeling of Soft Strands, Fibers, and Bristles.},
	year = {2015},
	booktitle = {UIST},
	author = {{Gierad Laput} and {Xiang 'Anthony' Chen} and {Chris Harrison 001}},
	publisher = {ACM},
	booktitle = {Proceedings of the 28th Annual ACM Symposium on User Interface Software & Technology, UIST 2015, Charlotte, NC, USA, November 8-11, 2015}
}

@inproceedings{conf/assets/GuoKCYHMB16,
	title = {Facade: Auto-generating Tactile Interfaces to Appliances.},
	year = {2016},
	booktitle = {ASSETS},
	author = {{Anhong Guo} and {Jeeeun Kim} and {Xiang 'Anthony' Chen} and {Tom Yeh} and {Scott E. Hudson} and {Jennifer Mankoff} and {Jeffrey P. Bigham}},
	publisher = {ACM},
	booktitle = {Proceedings of the 18th International ACM SIGACCESS Conference on Computers and Accessibility, ASSETS 2016, Reno, NV, USA, October 23-26, 2016}
}

@inproceedings{conf/chi/FreitasNCYRD16,
	title = {Snap-To-It: A User-Inspired Platform for Opportunistic Device Interactions.},
	year = {2016},
	booktitle = {CHI},
	author = {{Adrian A. de Freitas} and {Michael Nebeling} and {Xiang 'Anthony' Chen} and {Junrui Yang 001} and {Akshaye Shreenithi Kirupa Karthikeyan Ranithangam} and {Anind K. Dey}},
	publisher = {ACM},
	booktitle = {Proceedings of the 2016 CHI Conference on Human Factors in Computing Systems, San Jose, CA, USA, May 7-12, 2016}
}

@inproceedings{conf/graphicsinterface/CannanureCM16,
	title = {Twist 'n' Knock: A One-handed Gesture for Smart Watches.},
	year = {2016},
	booktitle = {Graphics Interface},
	author = {{Vikram Cannanure} and {Xiang 'Anthony' Chen} and {Jennifer Mankoff}},
	publisher = {ACM},
	booktitle = {Proceedings of the 42nd Graphics Interface Conference, Victoria, BC, Canada, 1-3 June 2016}
}

@inproceedings{conf/iui/LaputCH16,
	title = {SweepSense: Ad Hoc Configuration Sensing Using Reflected Swept-Frequency Ultrasonics.},
	year = {2016},
	booktitle = {IUI},
	author = {{Gierad Laput} and {Xiang 'Anthony' Chen} and {Chris Harrison 001}},
	publisher = {ACM},
	booktitle = {Proceedings of the 21st International Conference on Intelligent User Interfaces, IUI 2016, Sonoma, CA, USA, March 7-10, 2016}
}

@inproceedings{conf/uist/Chen16,
	title = {Making Fabrication Real.},
	year = {2016},
	booktitle = {UIST (Adjunct Volume)},
	author = {{Xiang 'Anthony' Chen}},
	publisher = {ACM},
	booktitle = {Proceedings of the 29th Annual Symposium on User Interface Software and Technology, UIST 2016 Adjunct Volume, Tokyo, Japan, October 16 - 19, 2016}
}

@inproceedings{conf/uist/ChenKMGCH16,
	title = {Reprise: A Design Tool for Specifying, Generating, and Customizing 3D Printable Adaptations on Everyday Objects.},
	year = {2016},
	booktitle = {UIST},
	author = {{Xiang 'Anthony' Chen} and {Jeeeun Kim} and {Jennifer Mankoff} and {Tovi Grossman} and {Stelian Coros} and {Scott E. Hudson}},
	publisher = {ACM},
	booktitle = {Proceedings of the 29th Annual Symposium on User Interface Software and Technology, UIST 2016, Tokyo, Japan, October 16-19, 2016}
}

@inproceedings{conf/uist/ChenL16,
	title = {Bootstrapping User-Defined Body Tapping Recognition with Offline-Learned Probabilistic Representation.},
	year = {2016},
	booktitle = {UIST},
	author = {{Xiang 'Anthony' Chen} and {Yang Li 058}},
	publisher = {ACM},
	booktitle = {Proceedings of the 29th Annual Symposium on User Interface Software and Technology, UIST 2016, Tokyo, Japan, October 16-19, 2016}
}

@inproceedings{conf/uist/GuoCQWGAB16,
	title = {VizLens: A Robust and Interactive Screen Reader for Interfaces in the Real World.},
	year = {2016},
	booktitle = {UIST},
	author = {{Anhong Guo} and {Xiang 'Anthony' Chen} and {Haoran Qi} and {Samuel White} and {Suman Ghosh} and {Chieko Asakawa} and {Jeffrey P. Bigham}},
	publisher = {ACM},
	booktitle = {Proceedings of the 29th Annual Symposium on User Interface Software and Technology, UIST 2016, Tokyo, Japan, October 16-19, 2016}
}

@article{journals/tochi/ChenL17,
	title = {Improv: An Input Framework for Improvising Cross-Device Interaction by Demonstration.},
	year = {2017},
	journal = {ACM Trans. Comput. Hum. Interact.},
	author = {{Xiang 'Anthony' Chen} and {Yang Li 058}}
}

@inproceedings{conf/chi/AnTGCCZZDTWZY18,
	title = {Thermorph: Democratizing 4D Printing of Self-Folding Materials and Interfaces.},
	year = {2018},
	booktitle = {CHI},
	author = {{Byoungkwon An} and {Ye Tao 001} and {Jianzhe Gu} and {Tingyu Cheng} and {Xiang 'Anthony' Chen} and {Xiaoxiao Zhang} and {Wei Zhao} and {Youngwook Do} and {Shigeo Takahashi} and {Hsiang-Yun Wu} and {Teng Zhang} and {Lining Yao}},
	publisher = {ACM},
	booktitle = {Proceedings of the 2018 CHI Conference on Human Factors in Computing Systems, CHI 2018, Montreal, QC, Canada, April 21-26, 2018}
}

@inproceedings{conf/chi/ChenCH18,
	title = {Medley: A Library of Embeddables to Explore Rich Material Properties for 3D Printed Objects.},
	year = {2018},
	booktitle = {CHI},
	author = {{Xiang 'Anthony' Chen} and {Stelian Coros} and {Scott E. Hudson}},
	publisher = {ACM},
	booktitle = {Proceedings of the 2018 CHI Conference on Human Factors in Computing Systems, CHI 2018, Montreal, QC, Canada, April 21-26, 2018}
}

@inproceedings{conf/chi/ChenTWKGCH18,
	title = {Forte: User-Driven Generative Design.},
	year = {2018},
	booktitle = {CHI},
	author = {{Xiang 'Anthony' Chen} and {Ye Tao 001} and {Guanyun Wang} and {Runchang Kang} and {Tovi Grossman} and {Stelian Coros} and {Scott E. Hudson}},
	publisher = {ACM},
	booktitle = {Proceedings of the 2018 CHI Conference on Human Factors in Computing Systems, CHI 2018, Montreal, QC, Canada, April 21-26, 2018}
}

@inproceedings{conf/chi/GongXGSCBY18,
	title = {WrisText: One-handed Text Entry on Smartwatch using Wrist Gestures.},
	year = {2018},
	booktitle = {CHI},
	author = {{Jun Gong} and {Zheer Xu} and {Qifan Guo} and {Teddy Seyed} and {Xiang 'Anthony' Chen} and {Xiaojun Bi 001} and {Xing-Dong Yang}},
	publisher = {ACM},
	booktitle = {Proceedings of the 2018 CHI Conference on Human Factors in Computing Systems, CHI 2018, Montreal, QC, Canada, April 21-26, 2018}
}

@inproceedings{conf/chi/TaoGACCZZDZY18,
	title = {Demonstrating Thermorph: Democratizing 4D Printing of Self-Folding Materials and Interfaces.},
	year = {2018},
	booktitle = {CHI Extended Abstracts},
	author = {{Ye Tao 001} and {Jianzhe Gu} and {Byoungkwon An} and {Tingyu Cheng} and {Xiang 'Anthony' Chen} and {Xiaoxiao Zhang} and {Wei Zhao} and {Youngwook Do} and {Teng Zhang} and {Lining Yao}},
	publisher = {ACM},
	booktitle = {Extended Abstracts of the 2018 CHI Conference on Human Factors in Computing Systems, CHI 2018, Montreal, QC, Canada, April 21-26, 2018}
}

@inproceedings{conf/uist/HuangSLGYJCY18,
	title = {Orecchio: Extending Body-Language through Actuated Static and Dynamic Auricular Postures.},
	year = {2018},
	booktitle = {UIST},
	author = {{Da-Yuan Huang} and {Teddy Seyed} and {Linjun Li} and {Jun Gong} and {Zhihao Yao 004} and {Yuchen Jiao} and {Xiang 'Anthony' Chen} and {Xing-Dong Yang}},
	publisher = {ACM},
	booktitle = {The 31st Annual ACM Symposium on User Interface Software and Technology, UIST 2018, Berlin, Germany, October 14-17, 2018}
}

@inproceedings{conf/iui/WagstaffLC19,
	title = {Automatic exam grading by a mobile camera: snap a picture to grade your tests.},
	year = {2019},
	booktitle = {IUI Companion},
	author = {{Benjamin Wagstaff} and {Chiao Lu} and {Xiang 'Anthony' Chen}},
	publisher = {ACM},
	booktitle = {Proceedings of the 24th International Conference on Intelligent User Interfaces: Companion, Marina del Ray, CA, USA, March 16-20, 2019}
}

@inproceedings{conf/iui/XieCG19,
	title = {Outlining the Design Space of Explainable Intelligent Systems for Medical Diagnosis.},
	year = {2019},
	booktitle = {IUI Workshops},
	author = {{Yao Xie 003} and {Xiang 'Anthony' Chen} and {Ge Gao}},
	publisher = {CEUR-WS.org},
	booktitle = {Joint Proceedings of the ACM IUI 2019 Workshops co-located with the 24th ACM Conference on Intelligent User Interfaces (ACM IUI 2019), Los Angeles, USA, March 20, 2019.}
}

@inproceedings{conf/sui/KangGL0C19,
	title = {Minuet: Multimodal Interaction with an Internet of Things.},
	year = {2019},
	booktitle = {SUI},
	author = {{Runchang Kang} and {Anhong Guo} and {Gierad Laput} and {Yang Li 058} and {Xiang 'Anthony' Chen}},
	publisher = {ACM},
	booktitle = {Symposium on Spatial User Interaction, SUI 2019, New Orleans, LA, USA, October 19-20, 2019}
}

@inproceedings{conf/uist/LiKC19,
	title = {Robiot: A Design Tool for Actuating Everyday Objects with Automatically Generated 3D Printable Mechanisms.},
	year = {2019},
	booktitle = {UIST},
	author = {{Jiahao Li} and {Jeeeun Kim} and {Xiang 'Anthony' Chen}},
	publisher = {ACM},
	booktitle = {Proceedings of the 32nd Annual ACM Symposium on User Interface Software and Technology, UIST 2019, New Orleans, LA, USA, October 20-23, 2019}
}

@article{journals/cacm/MankoffHCHHK19,
	title = {Consumer-grade fabrication and its potential to revolutionize accessibility.},
	year = {2019},
	journal = {Commun. ACM},
	author = {{Jennifer Mankoff} and {Megan Hofmann} and {Xiang 'Anthony' Chen} and {Scott E. Hudson} and {Amy Hurst} and {Jeeeun Kim}}
}

@inproceedings{conf/chi/0003CKGC20,
	title = {CheXplain: Enabling Physicians to Explore and Understand Data-Driven, AI-Enabled Medical Imaging Analysis.},
	year = {2020},
	booktitle = {CHI},
	author = {{Yao Xie 003} and {Melody Chen} and {David Kao} and {Ge Gao} and {Xiang 'Anthony' Chen}},
	publisher = {ACM},
	booktitle = {CHI '20: CHI Conference on Human Factors in Computing Systems, Honolulu, HI, USA, April 25-30, 2020}
}

@inproceedings{conf/chi/LiangFFMLZSWHC20,
	title = {OralCam: Enabling Self-Examination and Awareness of Oral Health Using a Smartphone Camera.},
	year = {2020},
	booktitle = {CHI},
	author = {{Yuan Liang} and {Hsuan-Wei Fan} and {Zhujun Fang} and {Leiying Miao} and {Wen Li} and {Xuan Zhang} and {Weibin Sun} and {Kun Wang 005} and {Lei He 001} and {Xiang Anthony Chen}},
	publisher = {ACM},
	booktitle = {CHI '20: CHI Conference on Human Factors in Computing Systems, Honolulu, HI, USA, April 25-30, 2020}
}

@inproceedings{conf/uist/LiCKC20,
	title = {Romeo: A Design Tool for Embedding Transformable Parts in 3D Models to Robotically Augment Default Functionalities.},
	year = {2020},
	booktitle = {UIST},
	author = {{Jiahao Li} and {Meilin Cui} and {Jeeeun Kim} and {Xiang 'Anthony' Chen}},
	publisher = {ACM},
	booktitle = {UIST '20: The 33rd Annual ACM Symposium on User Interface Software and Technology, Virtual Event, USA, October 20-23, 2020}
}

@inproceedings{conf/uist/PerezKWC20,
	title = {Counterweight: Diversifying News Consumption.},
	year = {2020},
	booktitle = {UIST (Adjunct Volume)},
	author = {{Eric Balagtas Perez} and {James King} and {Yugo H. Watanabe} and {Xiang 'Anthony' Chen}},
	publisher = {ACM},
	booktitle = {UIST '20 Adjunct: The 33rd Annual ACM Symposium on User Interface Software and Technology, Virtual Event, USA, October 20-23, 2020}
}

@inproceedings{conf/uist/SarmahDWLLC20,
	title = {Geno: A Developer Tool for Authoring Multimodal Interaction on Existing Web Applications.},
	year = {2020},
	booktitle = {UIST},
	author = {{Ritam Jyoti Sarmah} and {Yunpeng Ding} and {Di Wang} and {Cheuk Yin Phipson Lee} and {Toby Jia-Jun Li} and {Xiang 'Anthony' Chen}},
	publisher = {ACM},
	booktitle = {UIST '20: The 33rd Annual ACM Symposium on User Interface Software and Technology, Virtual Event, USA, October 20-23, 2020}
}

@inproceedings{conf/vrst/TanakaHC20,
	title = {DualVib: Simulating Haptic Sensation of Dynamic Mass by Combining Pseudo-Force and Texture Feedback.},
	year = {2020},
	booktitle = {VRST},
	author = {{Yudai Tanaka} and {Arata Horie} and {Xiang 'Anthony' Chen}},
	publisher = {ACM},
	booktitle = {VRST '20: 26th ACM Symposium on Virtual Reality Software and Technology, Virtual Event, Canada, November 1-4, 2020}
}

@article{journals/corr/abs-2001-05149,
	title = {CheXplain: Enabling Physicians to Explore and UnderstandData-Driven, AI-Enabled Medical Imaging Analysis.},
	year = {2020},
	journal = {CoRR},
	author = {{Yao Xie 003} and {Melody Chen} and {David Kao} and {Ge Gao} and {Xiang 'Anthony' Chen}}
}

@article{journals/corr/abs-2006-12683,
	title = {CrossPath: Top-down, Cross Data Type, Multi-Criterion Histological Analysis by Shepherding Mixed AI Models.},
	year = {2020},
	journal = {CoRR},
	author = {{Hongyan Gu} and {Yifan Xu} and {Mohammad Haeri} and {Xiang 'Anthony' Chen}}
}

@article{journals/corr/abs-2007-07407,
	title = {XAlgo: Explaining the Internal States of Algorithms via Question Answering.},
	year = {2020},
	journal = {CoRR},
	author = {{Juan Carlo Rebanal} and {Yuqi Tang} and {Jordan Combitsis} and {Kai-Wei Chang} and {Xiang 'Anthony' Chen}}
}

@article{journals/corr/abs-2008-01769,
	title = {FaceOff: Detecting Face Touching with a Wrist-Worn Accelerometer.},
	year = {2020},
	journal = {CoRR},
	author = {{Xiang 'Anthony' Chen}}
}

@inproceedings{conf/chi/LiuCCP21,
	title = {What Makes Videos Accessible to Blind and Visually Impaired People?},
	year = {2021},
	booktitle = {CHI},
	author = {{Xingyu Liu} and {Patrick Carrington} and {Xiang 'Anthony' Chen} and {Amy Pavel}},
	publisher = {ACM},
	booktitle = {CHI '21: CHI Conference on Human Factors in Computing Systems, Virtual Event / Yokohama, Japan, May 8-13, 2021}
}

@inproceedings{conf/chi/WangCZLLDYC21,
	title = {Revamp: Enhancing Accessible Information Seeking Experience of Online Shopping for Blind or Low Vision Users.},
	year = {2021},
	booktitle = {CHI},
	author = {{Ruolin Wang} and {Zixuan Chen} and {Mingrui Ray Zhang} and {Zhaoheng Li} and {Zhixiu Liu} and {Zihan Dang} and {Chun Yu} and {Xiang 'Anthony' Chen}},
	publisher = {ACM},
	booktitle = {CHI '21: CHI Conference on Human Factors in Computing Systems, Virtual Event / Yokohama, Japan, May 8-13, 2021}
}

@inproceedings{conf/iui/LiangQLFTYSWCH21,
	title = {OralViewer: 3D Demonstration of Dental Surgeries for Patient Education with Oral Cavity Reconstruction from a 2D Panoramic X-ray.},
	year = {2021},
	booktitle = {IUI},
	author = {{Yuan Liang} and {Liang Qiu 001} and {Tiancheng Lu} and {Zhujun Fang} and {Dezhan Tu} and {Jiawei Yang} and {Yiting Shao} and {Kun Wang 005} and {Xiang 'Anthony' Chen} and {Lei He 001}},
	publisher = {ACM},
	booktitle = {IUI '21: 26th International Conference on Intelligent User Interfaces, College Station, TX, USA, April 13-17, 2021}
}

@inproceedings{conf/iui/RebanalCTC21,
	title = {XAlgo: a Design Probe of Explaining Algorithms' Internal States via Question-Answering.},
	year = {2021},
	booktitle = {IUI},
	author = {{Juan Carlo Rebanal} and {Jordan Combitsis} and {Yuqi Tang} and {Xiang 'Anthony' Chen}},
	publisher = {ACM},
	booktitle = {IUI '21: 26th International Conference on Intelligent User Interfaces, College Station, TX, USA, April 13-17, 2021}
}

@inproceedings{conf/tei/KimZGC21,
	title = {OmniSoft: A Design Tool for Soft Objects by Example.},
	year = {2021},
	booktitle = {TEI},
	author = {{Jeeeun Kim} and {Qingnan Zhou} and {Amanda Ghassaei} and {Xiang 'Anthony' Chen}},
	publisher = {ACM},
	booktitle = {TEI '21: Fifteenth International Conference on Tangible, Embedded, and Embodied Interaction, Online Event / Salzburg, Austria, February 14-19, 2021}
}

@article{journals/corr/abs-2101-00098,
	title = {OralViewer: 3D Demonstration of Dental Surgeries for Patient Education with Oral Cavity Reconstruction from a 2D Panoramic X-ray.},
	year = {2021},
	journal = {CoRR},
	author = {{Yuan Liang} and {Liang Qiu 001} and {Tiancheng Lu} and {Zhujun Fang} and {Dezhan Tu} and {Jiawei Yang} and {Tiandong Zhao} and {Yiting Shao} and {Kun Wang 005} and {Xiang 'Anthony' Chen} and {Lei He 001}}
}

@article{journals/pacmhci/GuHHC21,
	title = {Lessons Learned from Designing an AI-Enabled Diagnosis Tool for Pathologists.},
	year = {2021},
	journal = {Proc. ACM Hum. Comput. Interact.},
	author = {{Hongyan Gu} and {Jingbin Huang} and {Lauren Hung} and {Xiang 'Anthony' Chen}}
}

@inproceedings{conf/chi/ArabiLCK22,
	title = {Mobiot: Augmenting Everyday Objects into Moving IoT Devices Using 3D Printed Attachments Generated by Demonstration.},
	year = {2022},
	booktitle = {CHI},
	author = {{Abul Al Arabi} and {Jiahao Li} and {Xiang 'Anthony' Chen} and {Jeeeun Kim}},
	publisher = {ACM},
	booktitle = {CHI '22: CHI Conference on Human Factors in Computing Systems, New Orleans, LA, USA, 29 April 2022 - 5 May 2022}
}

@inproceedings{conf/chi/LiSKC22,
	title = {Roman: Making Everyday Objects Robotically Manipulable with 3D-Printable Add-on Mechanisms.},
	year = {2022},
	booktitle = {CHI},
	author = {{Jiahao Li} and {Alexis Samoylov} and {Jeeeun Kim} and {Xiang 'Anthony' Chen}},
	publisher = {ACM},
	booktitle = {CHI '22: CHI Conference on Human Factors in Computing Systems, New Orleans, LA, USA, 29 April 2022 - 5 May 2022}
}

@inproceedings{conf/chi/YanWZC22,
	title = {EmoGlass: an End-to-End AI-Enabled Wearable Platform for Enhancing Self-Awareness of Emotional Health.},
	year = {2022},
	booktitle = {CHI},
	author = {{Zihan Yan} and {Yufei Wu 014} and {Yang Zhang 041} and {Xiang 'Anthony' Chen}},
	publisher = {ACM},
	booktitle = {CHI '22: CHI Conference on Human Factors in Computing Systems, New Orleans, LA, USA, 29 April 2022 - 5 May 2022}
}

@inproceedings{conf/emnlp/LabanWMCX22,
	title = {Discord Questions: A Computational Approach To Diversity Analysis in News Coverage.},
	year = {2022},
	booktitle = {EMNLP (Findings)},
	author = {{Philippe Laban} and {Chien-Sheng Wu} and {Lidiya Murakhovs'ka} and {Xiang 'Anthony' Chen} and {Caiming Xiong}},
	publisher = {Association for Computational Linguistics},
	booktitle = {Findings of the Association for Computational Linguistics: EMNLP 2022, Abu Dhabi, United Arab Emirates, December 7-11, 2022.}
}

@inproceedings{conf/miccai/GuHNWZMC22,
	title = {Detecting Mitoses with a Convolutional Neural Network for MIDOG 2022 Challenge.},
	year = {2022},
	booktitle = {MIDOG/DRAC@MICCAI},
	author = {{Hongyan Gu} and {Mohammad Haeri} and {Shuo Ni} and {Christopher Kazu Williams} and {Neda Zarrin-Khameh} and {Shino Magaki} and {Xiang 'Anthony' Chen}},
	publisher = {Springer},
	booktitle = {Mitosis Domain Generalization and Diabetic Retinopathy Analysis - MICCAI Challenges MIDOG 2022 and DRAC 2022, Held in Conjunction with MICCAI 2022, Singapore, September 18-22, 2022, Proceedings}
}

@inproceedings{conf/uist/EvirgenC22,
	title = {GANzilla: User-Driven Direction Discovery in Generative Adversarial Networks.},
	year = {2022},
	booktitle = {UIST},
	author = {{Noyan Evirgen} and {Xiang 'Anthony' Chen}},
	publisher = {ACM},
	booktitle = {The 35th Annual ACM Symposium on User Interface Software and Technology, UIST 2022, Bend, OR, USA, 29 October 2022 - 2 November 2022}
}

@inproceedings{conf/uist/LiuWLCP22,
	title = {CrossA11y: Identifying Video Accessibility Issues via Cross-modal Grounding.},
	year = {2022},
	booktitle = {UIST},
	author = {{Xingyu Bruce Liu} and {Ruolin Wang} and {Dingzeyu Li} and {Xiang Anthony Chen} and {Amy Pavel}},
	publisher = {ACM},
	booktitle = {The 35th Annual ACM Symposium on User Interface Software and Technology, UIST 2022, Bend, OR, USA, 29 October 2022 - 2 November 2022}
}

@article{journals/corr/abs-2207-08401,
	title = {Marvista: A Human-AI Collaborative Reading Tool.},
	year = {2022},
	journal = {CoRR},
	author = {{Xiang 'Anthony' Chen} and {Chien-Sheng Wu} and {Tong Niu} and {Wenhao Liu} and {Caiming Xiong}}
}

@article{journals/corr/abs-2212-00903,
	title = {DeclutterCam: A Photographic Assistant System with Clutter Detection and Removal.},
	year = {2022},
	journal = {CoRR},
	author = {{Xiaoran Wu} and {Zihan Yan} and {Xiang Anthony Chen}}
}

@article{journals/imwut/YanZWLLZMSCTZW22,
	title = {Shoes++: A Smart Detachable Sole for Social Foot-to-foot Interaction.},
	year = {2022},
	journal = {Proc. ACM Interact. Mob. Wearable Ubiquitous Technol.},
	author = {{Zihan Yan} and {Jiayi Zhou} and {Yufei Wu 014} and {Guanhong Liu} and {Danli Luo} and {Zihong Zhou} and {Haipeng Mi} and {Lingyun Sun} and {Xiang 'Anthony' Chen} and {Ye Tao 001} and {Yang Zhang 041} and {Guanyun Wang}}
}

@inproceedings{conf/chi/EvirgenC23,
	title = {GANravel: User-Driven Direction Disentanglement in Generative Adversarial Networks.},
	year = {2023},
	booktitle = {CHI},
	author = {{Noyan Evirgen} and {Xiang Anthony Chen}},
	publisher = {ACM},
	booktitle = {Proceedings of the 2023 CHI Conference on Human Factors in Computing Systems, CHI 2023, Hamburg, Germany, April 23-28, 2023}
}

@inproceedings{conf/chi/GuYHWTYHWMC23,
	title = {Augmenting Pathologists with NaviPath: Design and Evaluation of a Human-AI Collaborative Navigation System.},
	year = {2023},
	booktitle = {CHI},
	author = {{Hongyan Gu} and {Chunxu Yang} and {Mohammad Haeri} and {Jing Wang} and {Shirley Tang} and {Wenzhong Yan} and {Shujin He} and {Christopher Kazu Williams} and {Shino Magaki} and {Xiang 'Anthony' Chen}},
	publisher = {ACM},
	booktitle = {Proceedings of the 2023 CHI Conference on Human Factors in Computing Systems, CHI 2023, Hamburg, Germany, April 23-28, 2023}
}

@inproceedings{conf/chi/GuiTSE0CI23,
	title = {A Field Study on Pedestrians' Thoughts toward a Car with Gazing Eyes.},
	year = {2023},
	booktitle = {CHI Extended Abstracts},
	author = {{Xinyue Gui} and {Koki Toda} and {Stela Hanbyeol Seo} and {Felix Martin Eckert} and {Chia-Ming Chang 003} and {Xiang Anthony Chen} and {Takeo Igarashi}},
	publisher = {ACM},
	booktitle = {Extended Abstracts of the 2023 CHI Conference on Human Factors in Computing Systems, CHI EA 2023, Hamburg, Germany, April 23-28, 2023}
}

@inproceedings{conf/chi/HuhYPCKP23,
	title = {AVscript: Accessible Video Editing with Audio-Visual Scripts.},
	year = {2023},
	booktitle = {CHI},
	author = {{Mina Huh} and {Saelyne Yang} and {Yi-Hao Peng} and {Xiang 'Anthony' Chen} and {Young-Ho Kim} and {Amy Pavel}},
	publisher = {ACM},
	booktitle = {Proceedings of the 2023 CHI Conference on Human Factors in Computing Systems, CHI 2023, Hamburg, Germany, April 23-28, 2023}
}

@inproceedings{conf/chi/LabanWMCX23,
	title = {Designing and Evaluating Interfaces that Highlight News Coverage Diversity Using Discord Questions.},
	year = {2023},
	booktitle = {CHI},
	author = {{Philippe Laban} and {Chien-Sheng Wu} and {Lidiya Murakhovs'ka} and {Xiang 'Anthony' Chen} and {Caiming Xiong}},
	publisher = {ACM},
	booktitle = {Proceedings of the 2023 CHI Conference on Human Factors in Computing Systems, CHI 2023, Hamburg, Germany, April 23-28, 2023}
}

@inproceedings{conf/chi/LiuKYOCCD23,
	title = {Visual Captions: Augmenting Verbal Communication with On-the-fly Visuals.},
	year = {2023},
	booktitle = {CHI},
	author = {{Xingyu Bruce Liu} and {Vladimir Kirilyuk} and {Xiuxiu Yuan} and {Alex Olwal} and {Peggy Chi} and {Xiang 'Anthony' Chen} and {Ruofei Du}},
	publisher = {ACM},
	booktitle = {Proceedings of the 2023 CHI Conference on Human Factors in Computing Systems, CHI 2023, Hamburg, Germany, April 23-28, 2023}
}

@inproceedings{conf/uist/LiuKYCOCD23,
	title = {Experiencing Visual Captions: Augmented Communication with Real-time Visuals using Large Language Models.},
	year = {2023},
	booktitle = {UIST (Adjunct Volume)},
	author = {{Xingyu Bruce Liu} and {Vladimir Kirilyuk} and {Xiuxiu Yuan} and {Peggy Chi} and {Alex Olwal} and {Xiang 'Anthony' Chen} and {Ruofei Du}},
	publisher = {ACM},
	booktitle = {Adjunct Proceedings of the 36th Annual ACM Symposium on User Interface Software and Technology, UIST 2023, San Francisco, CA, USA, 29 October 2023- 1 November 2023}
}

@inproceedings{conf/uist/YanYLC23,
	title = {XCreation: A Graph-based Crossmodal Generative Creativity Support Tool.},
	year = {2023},
	booktitle = {UIST},
	author = {{Zihan Yan} and {Chunxu Yang} and {Qihao Liang} and {Xiang 'Anthony' Chen}},
	publisher = {ACM},
	booktitle = {Proceedings of the 36th Annual ACM Symposium on User Interface Software and Technology, UIST 2023, San Francisco, CA, USA, 29 October 2023- 1 November 2023}
}

@article{journals/corr/abs-2303-07539,
	title = {HCI Papers Cite HCI Papers, Increasingly So.},
	year = {2023},
	journal = {CoRR},
	author = {{Xiang 'Anthony' Chen}}
}

@article{journals/corr/abs-2306-15774,
	title = {Next Steps for Human-Centered Generative AI: A Technical Perspective.},
	year = {2023},
	journal = {CoRR},
	author = {{Xiang 'Anthony' Chen} and {Jeff Burke} and {Ruofei Du} and {Matthew K. Hong} and {Jennifer Jacobs 001} and {Philippe Laban} and {Dingzeyu Li} and {Nanyun Peng} and {Karl D. D. Willis} and {Chien-Sheng Wu} and {Bolei Zhou}}
}

@article{journals/corr/abs-2309-15589,
	title = {Domain generalization across tumor types, laboratories, and species - insights from the 2022 edition of the Mitosis Domain Generalization Challenge.},
	year = {2023},
	journal = {CoRR},
	author = {{Marc Aubreville} and {Nikolas Stathonikos} and {Taryn A. Donovan} and {Robert Klopfleisch} and {Jonathan Ganz} and {Jonas Ammeling} and {Frauke Wilm} and {Mitko Veta} and {Samir Jabari} and {Markus Eckstein} and {Jonas Annuscheit} and {Christian Krumnow} and {Engin Bozaba} and {Sercan Cayir} and {Hongyan Gu} and {Xiang 'Anthony' Chen} and {Mostafa Jahanifar} and {Adam Shephard} and {Satoshi Kondo} and {Satoshi Kasai} and {Sujatha Kotte} and {VG Saipradeep} and {Maxime W. Lafarge} and {Viktor H. Koelzer} and {Ziyue Wang} and {Yongbing Zhang} and {Sen Yang} and {Xiyue Wang} and {Katharina Breininger} and {Christof A. Bertram}}
}

@article{journals/pacmhci/YanWLZJ0WCWM23,
	title = {NaCanva: Exploring and Enabling the Nature-Inspired Creativity for Children.},
	year = {2023},
	journal = {Proc. ACM Hum. Comput. Interact.},
	author = {{Zihan Yan} and {Yanhong Wu} and {Danli Luo} and {Chao Zhang} and {Qihang Jin} and {Wei Chen 001} and {Yingcai Wu} and {Xiang 'Anthony' Chen} and {Guanyun Wang} and {Haipeng Mi}}
}

@article{journals/tochi/GuLXWMKVCNYYZLHC23,
	title = {Improving Workflow Integration with xPath: Design and Evaluation of a Human-AI Diagnosis System in Pathology.},
	year = {2023},
	month = {April},
	journal = {ACM Trans. Comput. Hum. Interact.},
	author = {{Hongyan Gu} and {Yuan Liang} and {Yifan Xu} and {Christopher Kazu Williams} and {Shino Magaki} and {Negar Khanlou} and {Harry Vinters} and {Zesheng Chen} and {Shuo Ni} and {Chunxu Yang} and {Wenzhong Yan} and {Xinhai Robert Zhang} and {Yang Li 058} and {Mohammad Haeri} and {Xiang 'Anthony' Chen}}
}

@article{journals/tochi/XiangWMLNLX23,
	title = {Marvista: Exploring the Design of a Human-AI Collaborative News Reading Tool.},
	year = {2023},
	month = {December},
	journal = {ACM Trans. Comput. Hum. Interact.},
	author = {{Xiang 'Anthony' Chen} and {Chien-Sheng Wu} and {Lidiya Murakhovs'ka} and {Philippe Laban} and {Tong Niu} and {Wenhao Liu} and {Caiming Xiong}}
}

@inproceedings{conf/iui/EvirgenWC24,
	title = {From Text to Pixels: Enhancing User Understanding through Text-to-Image Model Explanations.},
	year = {2024},
	booktitle = {IUI},
	author = {{Noyan Evirgen} and {Ruolin Wang} and {Xiang Anthony Chen}},
	publisher = {ACM},
	booktitle = {Proceedings of the 29th International Conference on Intelligent User Interfaces, IUI 2024, Greenville, SC, USA, March 18-21, 2024}
}

@inproceedings{conf/iui/YangHMZGC24,
	title = {A Human-AI Collaborative System to Support Mitosis Assessment in Pathology.},
	year = {2024},
	booktitle = {IUI Companion},
	author = {{Chunxu Yang} and {Mohammad Haeri} and {Shino Magaki} and {Neda Zarrin-Khameh} and {Hongyan Gu} and {Xiang 'Anthony' Chen}},
	publisher = {ACM},
	booktitle = {Companion Proceedings of the 29th International Conference on Intelligent User Interfaces, IUI 2024, Greenville, SC, USA, March 18-21, 2024}
}

@article{journals/corr/abs-2403-04008,
	title = {Human I/O: Towards a Unified Approach to Detecting Situational Impairments.},
	year = {2024},
	journal = {CoRR},
	author = {{Xingyu Bruce Liu} and {Jiahao Nick Li} and {David Kim} and {Xiang 'Anthony' Chen} and {Ruofei Du}}
}