@article{bush1945we,
  title={As we may think},
  author={Bush, Vannevar and others},
  journal={The atlantic monthly},
  volume={176},
  number={1},
  pages={101--108},
  year={1945},
  publisher={[S. l.]}
}
